Examples:
@techreport{232641,
    type = {Standard},
    key = {ISO/IEC 23264-1:2021(E)},
    year = {2021},
    title = {{ISO/IEC 23264-1:2021(E): Information security - Redaction of authentic data - Part 1: General}},
    address = {Geneva, CH},
    institution = {International Organization for Standardization}
}

@MastersThesis{popp2017implementation,
  title={Signing and Redacting XML Documents: An Implementation extending the Java Cryptography Architecture},
  author={Wolfgang Popp},
  year={2017},
  type = "Bachelor's thesis",
  school = {Faculty Comput. Sci. Math., Univ. Passau, Passau, Germany, Tech. Rep. MIP-1201},
}

@article{palaniyappan2012dynamics,
  title={Dynamics of relativistic transparency and optical shuttering in expanding overdense plasmas},
  author={Palaniyappan, Sasi and Hegelich, B Manuel and Wu, Hui-Chun and Jung, Daniel and Gautier, Donald C and Yin, Lin and Albright, Brian J and Johnson, Randall P and Shimada, Tsutomu and Letzring, Samuel and others},
  journal={Nature Physics},
  volume={8},
  number={10},
  pages={763--769},
  year={2012},
  publisher={Nature Publishing Group}
}

@inproceedings{ateniese2005sanitizable,
  title={Sanitizable signatures},
  author={Ateniese, Giuseppe and Chou, Daniel H and De Medeiros, Breno and Tsudik, Gene},
  booktitle={European Symposium on Research in Computer Security},
  pages={159--177},
  year={2005},
  organization={Springer}
}

@online{bsi,
    title = "Kryptographische Verfahren: Empfehlungen und Schlüssellängen, Version 2021-01",
    url  = "https://www.bsi.bund.de/SharedDocs/Downloads/DE/BSI/Publikationen/TechnischeRichtlinien/TR02102/BSI-TR-02102.pdf?__blob=publicationFile",
    addendum = "(accessed: 2021-07-14)",
    keywords = "BSI, recommended key sizes"
}

Real Data:
https://www.researchgate.net/profile/Franz-Luef/publication/299560620_Gabor_Analysis_and_Algorithms/links/56fee82808ae1408e15d0d7f/Gabor-Analysis-and-Algorithms.pdf
@book{feichtinger2012gabor,
  title={Gabor analysis and algorithms: Theory and applications},
  author={Feichtinger, Hans G and Strohmer, Thomas},
  year={2012},
  publisher={Springer Science \& Business Media}
}

https://hal.science/hal-01222729/document
@article{delprat1992asymptotic,
  title={Asymptotic wavelet and Gabor analysis: Extraction of instantaneous frequencies},
  author={Delprat, Nathalie and Escudi{\'e}, Bernard and Guillemain, Philippe and Kronland-Martinet, Richard and Tchamitchian, Philippe and Torresani, Bruno},
  journal={IEEE transactions on Information Theory},
  volume={38},
  number={2},
  pages={644--664},
  year={1992},
  publisher={IEEE}
}


https://jontalle.web.engr.illinois.edu/uploads/537.F18/Papers/OLD/AllenRabinerProc97.pdf
@article{allen1977unified,
  title={A unified approach to short-time Fourier analysis and synthesis},
  author={Allen, Jont B and Rabiner, Lawrence R},
  journal={Proceedings of the IEEE},
  volume={65},
  number={11},
  pages={1558--1564},
  year={1977},
  publisher={IEEE}
}

https://citeseerx.ist.psu.edu/document?repid=rep1&type=pdf&doi=7f2c612aadeaf6b8dc62301ad6c596ec014386c9
@article{cohen1989time,
  title={Time-frequency distributions-a review},
  author={Cohen, Leon},
  journal={Proceedings of the IEEE},
  volume={77},
  number={7},
  pages={941--981},
  year={1989},
  publisher={IEEE}
}

https://jcsphysics.net/lit/gabor1946.pdf
@article{gabor1946theory,
  title={Theory of communication. Part 1: The analysis of information},
  author={Gabor, Dennis},
  journal={Journal of the Institution of Electrical Engineers-part III: radio and communication engineering},
  volume={93},
  number={26},
  pages={429--441},
  year={1946},
  publisher={IET}
}

https://d1wqtxts1xzle7.cloudfront.net/51726847/Variational_Mode_Decomposition-libre.pdf?1486710775=&response-content-disposition=inline%3B+filename%3DVariational_Mode_Decomposition.pdf&Expires=1678272268&Signature=MWCvXf2efXmSdGIyVMHsIP-eip1q3BRXTAfUNGflM2YngnQ~s6C3OZ1IAyVCjpmfHJsvB0ejcUXmTYYNx4JitI0h3pghpTO9WyH4p6eJfDvXdZpULtMvE4Ao3rltCrEi-d8vl349K1Mcjag1JYFNPlgiKC7wQyUUPwE1SOyMj891HXhe6mF6-qxQNOYEwyH2DQVCJUvBhmzf6FZ18Q6Rza4AsPE~FllKwIpL3JX8vXcUBEYEMmZV85fvzqH30gHvdWusjEOCEKX~VPyx6UHIboqrI~F9AM8i8Gabe6EFLNivE6E9XwW0MADvFxfrp2Y0s6y04l~LeHwn8ikbh3aYkA__&Key-Pair-Id=APKAJLOHF5GGSLRBV4ZA
@article{dragomiretskiy2013variational,
  title={Variational mode decomposition},
  author={Dragomiretskiy, Konstantin and Zosso, Dominique},
  journal={IEEE transactions on signal processing},
  volume={62},
  number={3},
  pages={531--544},
  year={2013},
  publisher={IEEE}
}

https://books.google.de/books?hl=en&lr=&id=TF0D4Fyz_rAC&oi=fnd&pg=PA1&dq=Advances+in+Gabor+Analysis&ots=2ngI3oPbvQ&sig=bsUmI1vWmn_7YxR4Rg5pxCFP9fA&redir_esc=y#v=onepage&q=Advances%20in%20Gabor%20Analysis&f=false
@book{feichtinger2003advances,
  title={Advances in Gabor analysis},
  author={Feichtinger, Hans G and Strohmer, Thomas},
  year={2003},
  publisher={Springer Science \& Business Media}
}

https://books.google.de/books?hl=en&lr=&id=sjN2qq99-WwC&oi=fnd&pg=PR7&dq=Foundations+of+Time-Frequency+Analysis&ots=spB8RyNCa8&sig=317_gj1OyDZweJuPcq-vryh-JFE&redir_esc=y#v=snippet&q=Gabor&f=false
@book{grochenig2001foundations,
  title={Foundations of time-frequency analysis},
  author={Gr{\"o}chenig, Karlheinz},
  year={2001},
  publisher={Springer Science \& Business Media}
}

http://www.tfsa.ac.me/pap/2_9.pdf
@article{sejdic2009time,
  title={Time--frequency feature representation using energy concentration: An overview of recent advances},
  author={Sejdi{\'c}, Ervin and Djurovi{\'c}, Igor and Jiang, Jin},
  journal={Digital signal processing},
  volume={19},
  number={1},
  pages={153--183},
  year={2009},
  publisher={Elsevier}
}

https://citeseerx.ist.psu.edu/document?repid=rep1&type=pdf&doi=9fbcf40b0649c03ba0f38f940c34e7e6c9e04c03
@article{feichtinger2003first,
  title={A first survey of Gabor multipliers},
  author={Feichtinger, Hans G and Nowak, Krzysztof},
  journal={Advances in Gabor analysis},
  pages={99--128},
  year={2003},
  publisher={Springer}
}

http://super.tka4.org/materials/study/6%20sem/6.%20Obrabotka%20Izobrajeniy%20%28Krilov%29/CD%20Krilov%20Handouts/Materials%202007/Lectures%20MMOI/Gabor/Additional/2429qian.pdf
@article{qian1993discrete,
  title={Discrete gabor transform},
  author={Qian, Shie and Chen, Dapang},
  journal={IEEE transactions on signal processing},
  volume={41},
  number={7},
  pages={2429--2438},
  year={1993},
  publisher={IEEE}
}


https://hal.science/hal-00493711/document
@inproceedings{olivero2010new,
  title={A new method for Gabor multipliers estimation: application to sound morphing},
  author={Olivero, Ana{\"\i}k and Torr{\'e}sani, Bruno and Kronland-Martinet, Richard},
  booktitle={2010 18th European Signal Processing Conference},
  pages={507--511},
  year={2010},
  organization={IEEE}
}

http://www.diva-portal.org/smash/get/diva2:417358/fulltext01

Gabor analysis and algorithms : theory and applications
Autor/Mitarb.:   Feichtinger, Hans G.
Verlagsort, Verlag, Jahr:   Boston [u.a.], Birkhäuser, 1998
Umfang: XVI, 496 S.
ISBN:   3764339594 , 0817639594

Fast Gabor transformation for processing high quality audio : revised Mai 2006
Autor/Mitarb.:   Boogaart, Gregor van den   etc.
Verlagsort, Verlag, Jahr:   Augsburg, Inst. für Informatik, 2005
Umfang: 1 Online-Ressource
Serie/Reihe ; Band:    Report / Institut für Informatik ; 2005,21

YT:
http://databookuw.com/databook.pdf
https://github.com/dynamicslab/databook_matlab/tree/master/CH02/CH02_SEC04_2_SpectrogramBeethoven
https://github.com/dynamicslab/databook_python/tree/master/CH02

https://librosa.org/doc/latest/index.html

https://github.com/sergree/matchering