%% LaTeX2e file `master-thesis.bib'
%% generated by the `filecontents' environment
%% from source `master-thesis' on 2024/03/24.
%%
@article{boehm2001defect,
 author = {Boehm, Barry and Basili, Victor R},
 journal = {Computer},
 number = {1},
 pages = {135--137},
 title = {Defect reduction top 10 list},
 volume = {34},
 year = {2001}
}

@article{buse2009learning,
 author = {Buse, Raymond PL and Weimer, Westley R},
 journal = {IEEE Transactions on software engineering},
 number = {4},
 pages = {546--558},
 publisher = {IEEE},
 title = {Learning a metric for code readability},
 volume = {36},
 year = {2009}
}

@inproceedings{aggarwal2002integrated,
 author = {Aggarwal, Krishan K and Singh, Yogesh and Chhabra, Jitender Kumar},
 booktitle = {Annual Reliability and Maintainability Symposium. 2002 Proceedings (Cat. No. 02CH37318)},
 organization = {IEEE},
 pages = {235--241},
 title = {An integrated measure of software maintainability},
 year = {2002}
}

@inproceedings{fakhoury2019improving,
 author = {Fakhoury, Sarah and Roy, Devjeet and Hassan, Adnan and Arnaoudova, Vernera},
 booktitle = {2019 IEEE/ACM 27th International Conference on Program Comprehension (ICPC)},
 organization = {IEEE},
 pages = {2--12},
 title = {Improving source code readability: Theory and practice},
 year = {2019}
}

@article{scalabrino2018comprehensive,
 author = {Scalabrino, Simone and Linares-V{\'a}squez, Mario and Oliveto, Rocco and Poshyvanyk, Denys},
 journal = {Journal of Software: Evolution and Process},
 number = {6},
 pages = {e1958},
 publisher = {Wiley Online Library},
 title = {A comprehensive model for code readability},
 volume = {30},
 year = {2018}
}

@inproceedings{posnett2011simpler,
 author = {Posnett, Daryl and Hindle, Abram and Devanbu, Premkumar},
 booktitle = {Proceedings of the 8th working conference on mining software repositories},
 pages = {73--82},
 title = {A simpler model of software readability},
 year = {2011}
}

@article{dorn2012general,
 title = {A {General} {Software} {Readability} {Model}},
 author = {Dorn, Jonathan},
 year = {2012},
 journal = {University of Virginia},
 publisher = {University of Virginia}
}

@inproceedings{scalabrino2017automatically,
 author = {Scalabrino, Simone and Bavota, Gabriele and Vendome, Christopher and Linares-V{\'a}squez, Mario and Poshyvanyk, Denys and Oliveto, Rocco},
 booktitle = {2017 32nd IEEE/ACM International Conference on Automated Software Engineering (ASE)},
 organization = {IEEE},
 pages = {417--427},
 title = {Automatically assessing code understandability: How far are we?},
 year = {2017}
}

@inproceedings{daka2015modeling,
 author = {Daka, Ermira and Campos, Jos{\'e} and Fraser, Gordon and Dorn, Jonathan and Weimer, Westley},
 booktitle = {Proceedings of the 2015 10th Joint Meeting on Foundations of Software Engineering},
 pages = {107--118},
 title = {Modeling readability to improve unit tests},
 year = {2015}
}

@article{mi2022towards,
 author = {Mi, Qing and Hao, Yiqun and Ou, Liwei and Ma, Wei},
 journal = {Journal of Systems and Software},
 pages = {111454},
 publisher = {Elsevier},
 title = {Towards using visual, semantic and structural features to improve code readability classification},
 volume = {193},
 year = {2022}
}

@inproceedings{mi2018gamification,
 author = {Mi, Qing and Keung, Jacky and Mei, Xiupei and Xiao, Yan and Chan, WK},
 booktitle = {2018 International Symposium on Educational Technology (ISET)},
 organization = {IEEE},
 pages = {250--254},
 title = {A gamification technique for motivating students to learn code readability in software engineering},
 year = {2018}
}

@article{mi2018improving,
 author = {Mi, Qing and Keung, Jacky and Xiao, Yan and Mensah, Solomon and Gao, Yujin},
 journal = {Information and Software Technology},
 pages = {60--71},
 publisher = {Elsevier},
 title = {Improving code readability classification using convolutional neural networks},
 volume = {104},
 year = {2018}
}

@article{brooks1987no,
 author = {Brooks, Jr, Frederick},
 year = {1987},
 month = {04},
 pages = {10-19},
 title = {No Silver Bullet Essence and Accidents of Software Engineering},
 volume = {20},
 journal = {IEEE Computer}
}

@article{loriot2022styler,
 author = {Loriot, Benjamin and Madeiral, Fernanda and Monperrus, Martin},
 journal = {Empirical Software Engineering},
 number = {6},
 pages = {149},
 publisher = {Springer},
 title = {Styler: learning formatting conventions to repair Checkstyle violations},
 volume = {27},
 year = {2022}
}

@inproceedings{yasunaga2020graph,
 author = {Michihiro Yasunaga and
  Percy Liang},
 booktitle = {Proceedings of the 37th International Conference on Machine Learning,
  {ICML} 2020, 13-18 July 2020, Virtual Event},
 pages = {10799--10808},
 publisher = {{PMLR}},
 series = {Proceedings of Machine Learning Research},
 timestamp = {Tue, 15 Dec 2020 00:00:00 +0100},
 title = {Graph-based, Self-Supervised Program Repair from Diagnostic Feedback},
 volume = {119},
 year = {2020}
}

@inproceedings{xu2019method,
 author = {Xu, Sihan and Zhang, Sen and Wang, Weijing and Cao, Xinya and Guo, Chenkai and Xu, Jing},
 booktitle = {Proceedings of the 2019 ACM SIGPLAN workshop on partial evaluation and program manipulation},
 pages = {10--21},
 title = {Method name suggestion with hierarchical attention networks},
 year = {2019}
}

@inproceedings{allamanis2016convolutional,
 author = {Miltiadis Allamanis and
  Hao Peng and
  Charles Sutton},
 booktitle = {Proceedings of the 33nd International Conference on Machine Learning,
  {ICML} 2016, New York City, NY, USA, June 19-24, 2016},
 editor = {Maria{-}Florina Balcan and
  Kilian Q. Weinberger},
 pages = {2091--2100},
 publisher = {JMLR.org},
 series = {{JMLR} Workshop and Conference Proceedings},
 timestamp = {Mon, 12 Oct 2020 01:00:00 +0200},
 title = {A Convolutional Attention Network for Extreme Summarization of Source
  Code},
 volume = {48},
 year = {2016}
}

@misc{hestness2017deep,
 title = {Deep {Learning} {Scaling} is {Predictable}, {Empirically}},
 publisher = {arXiv},
 author = {Hestness, Joel and Narang, Sharan and Ardalani, Newsha and Diamos, Gregory and Jun, Heewoo and Kianinejad, Hassan and Patwary, Md Mostofa Ali and Yang, Yang and Zhou, Yanqi},
 month = dec,
 year = {2017},
}

@misc{hestness2017deep,
 author = {Hestness, Joel and Narang, Sharan and Ardalani, Newsha and Diamos, Gregory and Jun, Heewoo and Kianinejad, Hassan and Patwary, Md Mostofa Ali and Yang, Yang and Zhou, Yanqi},
 publisher = {arXiv},
 title = {Deep {Learning} {Scaling} is {Predictable}, {Empirically}},
 year = {2017}
}

@inproceedings{liu2019learning,
 author = {Liu, Kui and Kim, Dongsun and Bissyand{\'e}, Tegawend{\'e} F and Kim, Taeyoung and Kim, Kisub and Koyuncu, Anil and Kim, Suntae and Le Traon, Yves},
 booktitle = {2019 IEEE/ACM 41st International Conference on Software Engineering (ICSE)},
 organization = {IEEE},
 pages = {1--12},
 title = {Learning to spot and refactor inconsistent method names},
 year = {2019}
}

@article{deimel1985uses,
 author = {Deimel Jr, Lionel E},
 journal = {ACM SIGCSE Bulletin},
 number = {2},
 pages = {5--14},
 publisher = {ACM New York, NY, USA},
 title = {The uses of program reading},
 volume = {17},
 year = {1985}
}

@inproceedings{raymond1991reading,
 author = {Raymond, Darrell R},
 booktitle = {CASCON},
 pages = {3--16},
 title = {Reading source code.},
 volume = {91},
 year = {1991}
}

@article{rugaber2000use,
 author = {Rugaber, Spencer},
 journal = {Annals of Software Engineering},
 number = {1-4},
 pages = {143--192},
 publisher = {Springer},
 title = {The use of domain knowledge in program understanding},
 volume = {9},
 year = {2000}
}

@article{likert1932technique,
 author = {Likert, Rensis},
 journal = {Archives of psychology},
 title = {A technique for the measurement of attitudes.},
 year = {1932}
}

@inproceedings{wyrich2019towards,
 author = {Wyrich, Marvin and Bogner, Justus},
 booktitle = {2019 IEEE/ACM 1st international workshop on bots in software engineering (BotSE)},
 organization = {IEEE},
 pages = {24--28},
 title = {Towards an autonomous bot for automatic source code refactoring},
 year = {2019}
}

@article{pawlak2016spoon,
 author = {Pawlak, Renaud and Monperrus, Martin and Petitprez, Nicolas and Noguera, Carlos and Seinturier, Lionel},
 journal = {Software: Practice and Experience},
 number = {9},
 pages = {1155--1179},
 publisher = {Wiley Online Library},
 title = {Spoon: A library for implementing analyses and transformations of Java source code},
 volume = {46},
 year = {2016}
}

@article{someoliayi2022sorald,
 author = {Someoliayi, Khashayar Etemadi and Harrand, Nicolas Yves Maurice and Larsen, Simon and Adzemovic, Haris and Phu, Henry Luong and Verma, Ashutosh and Madeiral, Fernanda and Wikstrom, Douglas and Monperrus, Martin},
 journal = {IEEE Transactions on Dependable and Secure Computing},
 publisher = {IEEE},
 title = {Sorald: Automatic Patch Suggestions for SonarQube Static Analysis Violations},
 year = {2022}
}

@inproceedings{allamanis2015suggesting,
 author = {Allamanis, Miltiadis and Barr, Earl T and Bird, Christian and Sutton, Charles},
 booktitle = {Proceedings of the 2015 10th joint meeting on foundations of software engineering},
 pages = {38--49},
 title = {Suggesting accurate method and class names},
 year = {2015}
}

@article{alon2019code2vec,
 author = {Alon, Uri and Zilberstein, Meital and Levy, Omer and Yahav, Eran},
 journal = {Proceedings of the ACM on Programming Languages},
 number = {POPL},
 pages = {1--29},
 publisher = {ACM New York, NY, USA},
 title = {code2vec: Learning distributed representations of code},
 volume = {3},
 year = {2019}
}

@article{chicco2020advantages,
 author = {Chicco, Davide and Jurman, Giuseppe},
 journal = {BMC genomics},
 number = {1},
 pages = {1--13},
 publisher = {BioMed Central},
 title = {The advantages of the Matthews correlation coefficient (MCC) over F1 score and accuracy in binary classification evaluation},
 volume = {21},
 year = {2020}
}

@article{dubay2004principles,
 author = {DuBay, William H},
 journal = {Online Submission},
 publisher = {ERIC},
 title = {The principles of readability.},
 year = {2004}
}

@book{klare1964measurement,
 author = {Klare, George R.},
 date = {1963},
 location = {Ames},
 pagetotal = {328},
 publisher = {Iowa State University Press},
 title = {The measurement of readability}
}

@article{tashtoush2013impact,
 author = {Tashtoush, Yahya and Odat, Zeinab and Alsmadi, Izzat and Yatim, Maryan},
 journal = {International Journal of Software Engineering and Its Applications},
 pages = {441--458},
 title = {Impact of {Programming} {Features} on {Code} {Readability}},
 volume = {7},
 year = {2013}
}

@inproceedings{sedano2016code,
 author = {Sedano, Todd},
 booktitle = {2016 IEEE 29th International conference on software engineering education and training (CSEET)},
 organization = {IEEE},
 pages = {111--117},
 title = {Code readability testing, an empirical study},
 year = {2016}
}

@inproceedings{oliveira2020evaluating,
 author = {Oliveira, Delano and Bruno, Reydne and Madeiral, Fernanda and Castor, Fernando},
 booktitle = {2020 IEEE International Conference on Software Maintenance and Evolution (ICSME)},
 organization = {IEEE},
 pages = {348--359},
 title = {Evaluating code readability and legibility: An examination of human-centric studies},
 year = {2020}
}

@article{mi2023graph,
 author = {Mi, Qing and Zhan, Yi and Weng, Han and Bao, Qinghang and Cui, Longjie and Ma, Wei},
 journal = {Empirical Software Engineering},
 number = {4},
 pages = {87},
 publisher = {Springer},
 title = {A graph-based code representation method to improve code readability classification},
 volume = {28},
 year = {2023}
}

@article{mi2021effectiveness,
 author = {Mi, Qing and Xiao, Yan and Cai, Zhi and Jia, Xibin},
 journal = {Information and Software Technology},
 pages = {106378},
 publisher = {Elsevier},
 title = {The effectiveness of data augmentation in code readability classification},
 volume = {129},
 year = {2021}
}

@book{martin2009clean,
 author = {Martin, Robert C},
 publisher = {Pearson Education},
 title = {Clean code: a handbook of agile software craftsmanship},
 year = {2009}
}

@book{wilson2007beautiful,
 author = {Wilson, Greg and Oram, Andy},
 publisher = {" O'Reilly Media, Inc."},
 title = {Beautiful code: Leading programmers explain how they think},
 year = {2007}
}

@book{beck2007implementation,
 author = {Beck, Kent},
 publisher = {Pearson Education},
 title = {Implementation patterns},
 year = {2007}
}

@article{alawad2019empirical,
 author = {Alawad, Duaa and Panta, Manisha and Zibran, Minhaz and Islam, Md Rakibul},
 year = {2019},
 month = {08},
 title = {An Empirical Study of the Relationships between Code Readability and Software Complexity}
}

@inproceedings{mannan2018towards,
 author = {Mannan, Umme Ayda and Ahmed, Iftekhar and Sarma, Anita},
 booktitle = {Proceedings of the 4th ACM SIGSOFT International Workshop on NLP for Software Engineering},
 pages = {18--21},
 title = {Towards understanding code readability and its impact on design quality},
 year = {2018}
}

@inproceedings{johnson2019empirical,
 author = {Johnson, John and Lubo, Sergio and Yedla, Nishitha and Aponte, Jairo and Sharif, Bonita},
 booktitle = {2019 IEEE International conference on software maintenance and evolution (ICSME)},
 organization = {IEEE},
 pages = {513--523},
 title = {An empirical study assessing source code readability in comprehension},
 year = {2019}
}

@article{xia2017measuring,
 author = {Xia, Xin and Bao, Lingfeng and Lo, David and Xing, Zhenchang and Hassan, Ahmed E and Li, Shanping},
 journal = {IEEE Transactions on Software Engineering},
 number = {10},
 pages = {951--976},
 publisher = {IEEE},
 title = {Measuring program comprehension: A large-scale field study with professionals},
 volume = {44},
 year = {2017}
}

@article{segedinac2024assessing,
 author = {Segedinac, Milan and Savi{\'c}, Goran and Zeljkovi{\'c}, Ivana and Slivka, Jelena and Konjovi{\'c}, Zora},
 journal = {Computer Applications in Engineering Education},
 number = {1},
 pages = {e22685},
 publisher = {Wiley Online Library},
 title = {Assessing code readability in Python programming courses using eye-tracking},
 volume = {32},
 year = {2024}
}

@article{ribeiro2018attributes,
 author = {Ribeiro, Talita Vieira and Travassos, Guilherme Horta},
 journal = {CLEI Electronic Journal},
 number = {1},
 pages = {5--1},
 title = {Attributes influencing the reading and comprehension of source code--discussing contradictory evidence},
 volume = {21},
 year = {2018}
}

@inproceedings{mi2018inception,
 author = {Mi, Qing and Keung, Jacky and Xiao, Yan and Mensah, Solomon and Mei, Xiupei},
 booktitle = {Proceedings of the 22nd International Conference on Evaluation and Assessment in Software Engineering 2018},
 pages = {139--144},
 title = {An inception architecture-based model for improving code readability classification},
 year = {2018}
}

@inproceedings{sharma2020egan,
 author = {Sharma, Shashank and Srivastava, Sumit},
 booktitle = {2020 International Conference on Computation, Automation and Knowledge Management (ICCAKM)},
 organization = {IEEE},
 pages = {312--316},
 title = {EGAN: An Effective Code Readability Classification using Ensemble Generative Adversarial Networks},
 year = {2020}
}

@article{choi2020metric,
 author = {Choi, Sangchul and Park, Sooyong and others},
 journal = {Tehni{\v{c}}ki vjesnik},
 number = {1},
 pages = {221--228},
 publisher = {Faculty of Mechanical Engineering in Slavonski Brod; Faculty of Electrical~…},
 title = {Metric and tool support for instant feedback of source code readability},
 volume = {27},
 year = {2020}
}

@inproceedings{mi2022enhanced,
 author = {Mi, Qing and Hao, Yiqun and Wu, Maran and Ou, Liwei},
 booktitle = {International conference on software engineering and knowledge engineering},
 title = {An enhanced data augmentation approach to support multi-class code readability classification},
 year = {2022}
}

@inproceedings{vitale2023using,
 author = {Vitale, Antonio and Piantadosi, Valentina and Scalabrino, Simone and Oliveto, Rocco},
 booktitle = {2023 38th IEEE/ACM International Conference on Automated Software Engineering (ASE)},
 organization = {IEEE},
 pages = {573--584},
 title = {Using Deep Learning to Automatically Improve Code Readability},
 year = {2023}
}

@inproceedings{mi2022rank,
 author = {Mi, Qing},
 booktitle = {Proceedings of the 37th IEEE/ACM International Conference on Automated Software Engineering},
 pages = {1--2},
 title = {Rank Learning-Based Code Readability Assessment with Siamese Neural Networks},
 year = {2022}
}

@article{mi2023makes,
 author = {Mi, Qing and Chen, Mingjie and Cai, Zhi and Jia, Xibin},
 journal = {Software: Practice and Experience},
 number = {6},
 pages = {1391--1409},
 publisher = {Wiley Online Library},
 title = {What makes a readable code? A causal analysis method},
 volume = {53},
 year = {2023}
}

@inproceedings{buse2008metric,
 author = {Buse, Raymond PL and Weimer, Westley R},
 booktitle = {Proceedings of the 2008 international symposium on Software testing and analysis},
 pages = {121--130},
 title = {A metric for software readability},
 year = {2008}
}

@article{mullner2013fastcluster,
 author = {M{\"u}llner, Daniel},
 journal = {Journal of Statistical Software},
 pages = {1--18},
 title = {fastcluster: Fast hierarchical, agglomerative clustering routines for R and Python},
 volume = {53},
 year = {2013}
}

@book{thompson2012sampling,
 author = {Thompson, Steven K},
 publisher = {John Wiley \& Sons},
 title = {Sampling},
 volume = {755},
 year = {2012}
}

@inproceedings{devlin2018bert,
 author = {Devlin, Jacob  and
  Chang, Ming-Wei  and
  Lee, Kenton  and
  Toutanova, Kristina},
 booktitle = {Proceedings of the 2019 Conference of the North {A}merican Chapter of the Association for Computational Linguistics: Human Language Technologies, Volume 1 (Long and Short Papers)},
 pages = {4171--4186},
 publisher = {Association for Computational Linguistics},
 title = {{BERT}: Pre-training of Deep Bidirectional Transformers for Language Understanding},
 year = {2019}
}

@book{miller2010abstract,
 author = {Miller, F.P. and Vandome, A.F. and John, M.B.},
 isbn = {978-613-3-77312-7},
 publisher = {VDM Publishing},
 title = {Abstract {Syntax} {Tree}},
 year = {2010}
}

@article{pradel2018deepbugs,
 author = {Pradel, Michael and Sen, Koushik},
 journal = {Proceedings of the ACM on Programming Languages},
 number = {OOPSLA},
 pages = {1--25},
 publisher = {ACM New York, NY, USA},
 title = {Deepbugs: A learning approach to name-based bug detection},
 volume = {2},
 year = {2018}
}

@inproceedings{allamanis2021self,
 author = {Miltiadis Allamanis and
  Henry Jackson{-}Flux and
  Marc Brockschmidt},
 booktitle = {Advances in Neural Information Processing Systems 34: Annual Conference
  on Neural Information Processing Systems 2021, NeurIPS 2021, December
  6-14, 2021, virtual},
 editor = {Marc'Aurelio Ranzato and
  Alina Beygelzimer and
  Yann N. Dauphin and
  Percy Liang and
  Jennifer Wortman Vaughan},
 pages = {27865--27876},
 timestamp = {Tue, 03 May 2022 01:00:00 +0200},
 title = {Self-Supervised Bug Detection and Repair},
 year = {2021}
}

@inproceedings{dolan2016lava,
 author = {Dolan-Gavitt, Brendan and Hulin, Patrick and Kirda, Engin and Leek, Tim and Mambretti, Andrea and Robertson, Wil and Ulrich, Frederick and Whelan, Ryan},
 booktitle = {2016 IEEE symposium on security and privacy (SP)},
 organization = {IEEE},
 pages = {110--121},
 title = {Lava: Large-scale automated vulnerability addition},
 year = {2016}
}

@inproceedings{pewny2016evilcoder,
 author = {Pewny, Jannik and Holz, Thorsten},
 booktitle = {Proceedings of the 32nd Annual Conference on Computer Security Applications},
 pages = {214--225},
 title = {EvilCoder: automated bug insertion},
 year = {2016}
}

